@article{CL2001,
	author = {Chang, Chih-Chung and Lin, Chih-Jen},
	title = {Training v-Support Vector Classifiers: Theory and Algorithms},
	journal = {Neural Computation},
	volume = {13},
	number = {9},
	pages = {2119-2147},
	year = {2001},
	doi = {10.1162/089976601750399335},
}

@article{CL2002,
	author = {Chang, Chih-Chung and Lin, Chih-Jen},
	title = {Training v-Support Vector Regression: Theory and Algorithms},
	journal = {Neural Computation},
	volume = {14},
	number = {8},
	pages = {1959-1977},
	year = {2002},
	doi = {10.1162/089976602760128081},
}

@article{CL2011,
	author = {Chang, Chih-Chung and Lin, Chih-Jen},
	title = {LIBSVM: A Library for Support Vector Machines},
	journal = {ACM Trans. Intell. Syst. Technol.},
	issue_date = {April 2011},
	volume = {2},
	number = {3},
	month = may,
	year = {2011},
	issn = {2157-6904},
	pages = {27:1--27:27},
	articleno = {27},
	numpages = {27},
	url = {https://www.csie.ntu.edu.tw/~cjlin/papers/libsvm.pdf},
	doi = {10.1145/1961189.1961199},
	acmid = {1961199},
	publisher = {ACM},
	address = {New York, NY, USA},
}

@article{S2000,
	author = {Sch\"{o}lkopf, Bernhard and Smola, Alex J. and Williamson, Robert C. and Bartlett, Peter L.},
	title = {New Support Vector Algorithms},
	journal = {Neural Computation},
	volume = {12},
	number = {5},
	pages = {1207-1245},
	year = {2000},
	doi = {10.1162/089976600300015565},
}

